<record><leader>00000cas a22000007a 4500</leader><controlfield tag="001">10993227</controlfield><controlfield tag="008">840727d18701873inuwr n       0    0eng d</controlfield><datafield ind1=" " ind2=" " tag="010"><subfield code="a">sn 84027282 </subfield></datafield><datafield ind1=" " ind2=" " tag="040"><subfield code="a">NPU</subfield><subfield code="b">eng</subfield><subfield code="c">NPU</subfield><subfield code="d">NPI</subfield><subfield code="d">OCLCQ</subfield></datafield><datafield ind1=" " ind2=" " tag="042"><subfield code="a">msc</subfield></datafield><datafield ind1="0" ind2="4" tag="245"><subfield code="a">The Democratic archives.</subfield></datafield><datafield ind1=" " ind2=" " tag="260"><subfield code="a">Bowling-Green, Ind. :</subfield><subfield code="b">William Travis,</subfield><subfield code="c">-1873.</subfield></datafield><datafield ind1=" " ind2=" " tag="300"><subfield code="a">v. ;</subfield><subfield code="c">64 cm.</subfield></datafield><datafield ind1=" " ind2=" " tag="310"><subfield code="a">Weekly</subfield></datafield><datafield ind1="1" ind2=" " tag="362"><subfield code="a">Began July 28, 1870.</subfield><subfield code="z">Cf. Miller, John W. Indiana newspaper bibliog.</subfield></datafield><datafield ind1="0" ind2=" " tag="362"><subfield code="a">-v. 3, no. 52 (July 24, 1873).</subfield></datafield><datafield ind1=" " ind2=" " tag="500"><subfield code="a">Democratic. Rowell, 1873.</subfield></datafield><datafield ind1=" " ind2=" " tag="588"><subfield code="a">Description based on: Vol. 1, no. 24 (Jan. 5, 1871).</subfield></datafield><datafield ind1=" " ind2=" " tag="752"><subfield code="a">United States</subfield><subfield code="b">Indiana</subfield><subfield code="c">Clay</subfield><subfield code="d">Bowling Green.</subfield></datafield><datafield ind1="0" ind2="0" tag="780"><subfield code="t">Old constitution</subfield></datafield><datafield ind1="0" ind2="0" tag="785"><subfield code="t">Weekly archives</subfield><subfield code="w">(DLC)sn 90099349</subfield></datafield><datafield ind1="1" ind2=" " tag="029"><subfield code="a">AU@</subfield><subfield code="b">000023457201</subfield></datafield></record>